@article{DEGTIARENKO20171,
title = "Precision analysis of the photomultiplier response to ultra low signals",
journal = "Nuclear Instruments and Methods in Physics Research Section A: Accelerators, Spectrometers, Detectors and Associated Equipment",
volume = "872",
pages = "1 - 15",
year = "2017",
author = "Pavel Degtiarenko",
keywords = "Photon detector, Photomultiplier, Photoelectron, Signal amplitude spectra, Photon detection efficiency"
}
