%%%%%%%%%%%%%%%%%%%%%%55    RICH publications   %%%%%%%%%%%%%%%%%%%%%

@article{Avakian:2010ae,
      author         = "Avakian, H. and others",
      title          = "{Measurement of Single and Double Spin Asymmetries in
                        Deep Inelastic Pion Electroproduction with a
                        Longitudinally Polarized Target}",
      collaboration  = "CLAS",
      journal        = "Phys. Rev. Lett.",
      volume         = "105",
      year           = "2010",
      pages          = "262002",
}

@article{Burkert:2020akg,
      author         = "Burkert, V. D. and others",
      title          = "{The CLAS12 Spectrometer at Jefferson Laboratory}",
      journal        = "Nucl. Instrum. Meth.",
      volume         = "A959",
      year           = "2020",
      pages          = "163419",
      SLACcitation   = "%%CITATION = NUIMA,A959,163419;%%"
}

@article{Contalbrigo:2020snw,
      author         = "Contalbrigo, M. and others",
      title          = "{Single photon detection with the multi-anode CLAS12 RICH
                        detector}",
      booktitle      = "{10th Workshop on Ring Imaging Cherenkov Detectors
                        (RICH2018) Moscow, Russia, July 29-August 4, 2018}",
      journal        = "Nucl. Instrum. Meth.",
      volume         = "A952",
      year           = "2020",
      pages          = "162123",
      SLACcitation   = "%%CITATION = NUIMA,A952,162123;%%"
}
@article{Mirazita:2020kou,
      author         = "Mirazita, M. and others",
      title          = "{The large-area hybrid-optics CLAS12 RICH: Assembling,
                        commissioning and first data-taking}",
      booktitle      = "{10th Workshop on Ring Imaging Cherenkov Detectors
                        (RICH2018) Moscow, Russia, July 29-August 4, 2018}",
      journal        = "Nucl. Instrum. Meth.",
      volume         = "A952",
      year           = "2020",
      pages          = "161844",
      SLACcitation   = "%%CITATION = NUIMA,A952,161844;%%"
}
@article{Mirazita:2017vav,
      author         = "Mirazita, M. and others",
      title          = "{The large-area hybrid-optics RICH detector for the
                        CLAS12 spectrometer}",
      booktitle      = "{Proceedings, 9th International Workshop on Ring Imaging
                        Cherenkov Detectors (RICH 2016): Bled, Slovenia, September
                        5-9, 2016}",
      journal        = "Nucl. Instrum. Meth.",
      volume         = "A876",
      year           = "2017",
      pages          = "54-58",
      SLACcitation   = "%%CITATION = NUIMA,A876,54;%%"
}
@article{Baltzell:2015fea,
      author         = "Anefalos Pereira, S. and others",
      title          = "{Test of the CLAS12 RICH large scale prototype in the
                        direct proximity focusing configuration}",
      journal        = "Eur. Phys. J.",
      volume         = "A52",
      year           = "2016",
      number         = "2",
      pages          = "23",
      eprint         = "1509.02818",
      archivePrefix  = "arXiv",
      primaryClass   = "physics.ins-det",
      SLACcitation   = "%%CITATION = ARXIV:1509.02818;%%"
}
@article{Contalbrigo:2014rqa,
      author         = "Contalbrigo, M. and others",
      title          = "{The large-area hybrid-optics CLAS12 RICH detector: Tests
                        of innovative components}",
      booktitle      = "{Proceedings, 8th International Workshop on Ring Imaging
                        Cherenkov Detectors (RICH 2013): Shonan, Kanagawa, Japan,
                        December 2-6, 2013}",
      journal        = "Nucl. Instrum. Meth.",
      volume         = "A766",
      year           = "2014",
      pages          = "22-27",
      reportNumber   = "JLAB-PHY-14-1917",
      SLACcitation   = "%%CITATION = NUIMA,A766,22;%%"
}

@article{Contalbrigo:2020,
      author         = "Contalbrigo, M. and others",
      title          = "{The CLAS12 Ring Imagine Cherenkov Detector}",
      journal        = "Nucl. Instrum. Meth.",
      volume         = "A960",
      year           = "2020",
      pages          = "22-27",
      SLACcitation   = "%%CITATION = NUIMA,A766,22;%%"
}

@Article{H8500,
        title     = "{Hamamatsu Multianode PMT H8500}",
        year      ="2011",        
        url       ="http://hamamatsu.com.cn/UserFiles/DownFile/Product/H8500_H10966_TPMH1327E02.pdf"
}
@Article{H12700,
        title     = "{Hamamatsu Multianode PMT H12700}",
        year      ="2019",
        url        =""
}

@article{Bellamy:1994bv,
      author         = "Bellamy, E. H. and Bellettini, G. and Gervelli, F. and
                        Incagli, M. and Lucchesi, D. and Pagliarone, C. and Zetti,
                        F. and Budagov, {\relax Yu}. and Chirikov-Zorin, I. and
                        Tokar, S.",
      title          = "{Absolute calibration and monitoring of a spectrometric
                        channel using a photomultiplier}",
      journal        = "Nucl. Instrum. Meth.",
      volume         = "A339",
      year           = "1994",
      pages          = "468-476",
      SLACcitation   = "%%CITATION = NUIMA,A339,468;%%"
}
@article{DEGTIARENKO20171,
title = "Precision analysis of the photomultiplier response to ultra low signals",
journal = "Nuclear Instruments and Methods in Physics Research Section A: Accelerators, Spectrometers, Detectors and Associated Equipment",
volume = "872",
pages = "1 - 15",
year = "2017",
author = "Pavel Degtiarenko",
keywords = "Photon detector, Photomultiplier, Photoelectron, Signal amplitude spectra, Photon detection efficiency"
}
@Book{Hamamatsu4thedition,
      author         = "{Hamamatsu Inc.}",
      title          = "{Photomultiplier Tubes, forth edition}",
      year           = "2017", 
      url            = "https://www.hamamatsu.com/resources/pdf/etd/PMT_handbook_v4E.pdf"
}

@Book{FADC250,
      author         = "{C. Cuevas, H. Dong, and E. Jastrzembski}",
      title          = "{FADC250 User Manual}",
      year           = "2011", 
      url            = "https://www.jlab.org/Hall-B/ftof/manuals/FADC250UsersManual.pdf"
}

@Book{RICH_FE,
      author         = "{C. Cuevas, B. Raydo and J. Wilson}",
      title          = "{Description  and  Instructions for  the FPGA  Data Acquisition and  Control  Board}",
      year           = "2017", 
      url            = "https://coda.jlab.org/drupal/system/files/pdfs/HardwareManual/FPGAReadoutBoard/FPGA_DAq-Control_Board.pdf"
}

@Article{MAROC,
        author         = "{S. Blin, et al.}",
        title     = "{MAROC, a Generic Photomultiplier Readout Chip}",
        year      ="2010",  
       journal = "{IEEE Nucl. Sci. Symp. Conf. Rec.}",
       pages          = "1690"
}
